@misc {
    ref0,
	author={Rust Team},
	title={The Rust Programming Language, 2nd edition},
	note={Consulté le 25.04.2018},
	howpublished = "\url{https://doc.rust-lang.org/stable/book/second-edition/}"
}

@misc {
    ref1,
	author={Manuel Hoffmann},
	title={Are we (I)DE yet?},
	note={Consulté le 25.04.2018},
	howpublished = "\url{https://areweideyet.com/}"
}

@misc {
    ref2,
	author={Computational Geometry Lab},
	title={Learning Rust With Entirely Too Many Linked Lists},
	note={Consulté le 28.04.2018},
	howpublished = "\url{http://cglab.ca/~abeinges/blah/too-many-lists/book/}"
}

@misc {
    ref3,
	author={Jean-Francois Dockes},
	title={Extended attributes and tag file systems},
	month={juillet},
	year={2015},
	note={Consulté le 04.05.2018},
	howpublished = "\url{https://www.lesbonscomptes.com/pages/tagfs.html}"
}

@misc {
    ref4,
	author={Jean-Francois Dockes},
	title={Extended attributes: the good, the not so good, the bad.},
	month={juillet},
	year={2014},
	note={Consulté le 04.05.2018},
	howpublished = "\url{https://www.lesbonscomptes.com/pages/extattrs.html}"
}

@misc {
    ref5,
	author={Apple team},
	title={OS X: Tags help you organize your files},
	month={février},
	year={2015},
	note={Consulté le 08.05.2018},
	howpublished = "\url{https://support.apple.com/en-us/HT202754}"
}

@misc {
    ref6,
	author={John Siracusa},
	title={OS X 10.9 Mavericks: The Ars Technica Review - Tags},
	month={octobre},
	year={2013},
	note={Consulté le 08.05.2018},
	howpublished = "\url{https://arstechnica.com/gadgets/2013/10/os-x-10-9/8/}"
}

@misc {
    ref7,
	author={John Siracusa},
	title={OS X 10.9 Mavericks: The Ars Technica Review - Tags implementation},
	month={octobre},
	year={2013},
	note={Consulté le 08.05.2018},
	howpublished = "\url{https://arstechnica.com/gadgets/2013/10/os-x-10-9/9/}"
}

@misc {
    ref8,
	author={John Siracusa},
	title={Mac OS X 10.4 Tiger - Extended attributes},
	month={avril},
	year={2005},
	note={Consulté le 08.05.2018},
	howpublished = "\url{https://arstechnica.com/gadgets/2005/04/macosx-10-4/7/}"
}

@misc {
    ref9,
	author={John Siracusa},
	title={Mac OS X 10.4 Tiger - Spotlight},
	month={avril},
	year={2005},
	note={Consulté le 08.05.2018},
	howpublished = "\url{https://arstechnica.com/gadgets/2005/04/macosx-10-4/9/}"
}

@misc {
    ref10,
	author={John Siracusa},
	title={Mac OS X 10.5 Leopard: the Ars Technica review - FSEvents},
	month={octobre},
	year={2007},
	note={Consulté le 08.05.2018},
	howpublished = "\url{https://arstechnica.com/gadgets/2007/10/mac-os-x-10-5/7/}"
}

@misc {
    ref11,
	author={Jean-Pierre André},
	title={Using Extended Attributes},
	month={janvier},
	year={2017},
	note={Consulté le 09.05.2018},
	howpublished = "\url{http://jp-andre.pagesperso-orange.fr/extend-attr.html}"
}

@misc {
    ref12,
	author={Andreas Gruenbacher},
	title={attr(5) - Linux man page},
	note={Consulté le 09.05.2018},
	howpublished = "\url{https://linux.die.net/man/5/attr}"
}
